[gd_scene load_steps=8 format=2]

[ext_resource path="res://ui/screen/main_menu.gd" type="Script" id=1]
[ext_resource path="res://font/white_8x8.tres" type="DynamicFont" id=2]
[ext_resource path="res://ui/style/style_black_box_hover.tres" type="StyleBox" id=3]
[ext_resource path="res://ui/style/style_black_box_focus.tres" type="StyleBox" id=4]
[ext_resource path="res://ui/style/style_black_box_pressed.tres" type="StyleBox" id=5]
[ext_resource path="res://ui/style/style_black_box.tres" type="StyleBox" id=6]
[ext_resource path="res://texture/sheet_squid_menu_splash.png" type="Texture" id=7]

[node name="main_menu" type="CanvasLayer"]
layer = 2
script = ExtResource( 1 )

[node name="background" type="ColorRect" parent="."]
anchor_right = 1.0
anchor_bottom = 1.0
margin_right = -896.0
margin_bottom = -450.0
rect_min_size = Vector2( 256, 150 )
color = Color( 0.811765, 0.545098, 0.2, 1 )
__meta__ = {
"_edit_use_anchors_": false
}

[node name="vbox" type="VBoxContainer" parent="."]
margin_left = 8.0
margin_top = 28.0
margin_right = 136.0
margin_bottom = 124.0
rect_min_size = Vector2( 128, 96 )
__meta__ = {
"_edit_use_anchors_": false
}

[node name="title_text" type="Label" parent="vbox"]
margin_right = 136.0
margin_bottom = 10.0
rect_min_size = Vector2( 0, 10 )
custom_styles/normal = ExtResource( 6 )
custom_fonts/font = ExtResource( 2 )
custom_colors/font_color = Color( 0.980392, 0.898039, 0.803922, 1 )
text = "<Halloween Squid>"
align = 1
__meta__ = {
"_edit_use_anchors_": false
}

[node name="hbox" type="HBoxContainer" parent="vbox"]
margin_top = 14.0
margin_right = 136.0
margin_bottom = 34.0

[node name="vbox" type="VBoxContainer" parent="vbox/hbox"]
margin_right = 96.0
margin_bottom = 20.0
rect_min_size = Vector2( 96, 0 )

[node name="start" type="Button" parent="vbox/hbox/vbox"]
margin_right = 96.0
margin_bottom = 8.0
custom_styles/hover = ExtResource( 3 )
custom_styles/pressed = ExtResource( 5 )
custom_styles/focus = ExtResource( 4 )
custom_styles/normal = ExtResource( 6 )
custom_fonts/font = ExtResource( 2 )
custom_colors/font_color = Color( 0.980392, 0.898039, 0.803922, 1 )
custom_colors/font_color_hover = Color( 0.811765, 0.545098, 0.2, 1 )
custom_colors/font_color_pressed = Color( 0.980392, 0.898039, 0.803922, 1 )
text = "start"

[node name="exit" type="Button" parent="vbox/hbox/vbox"]
margin_top = 12.0
margin_right = 96.0
margin_bottom = 20.0
custom_styles/hover = ExtResource( 3 )
custom_styles/pressed = ExtResource( 5 )
custom_styles/focus = ExtResource( 4 )
custom_styles/normal = ExtResource( 6 )
custom_fonts/font = ExtResource( 2 )
custom_colors/font_color = Color( 0.980392, 0.898039, 0.803922, 1 )
custom_colors/font_color_hover = Color( 0.811765, 0.545098, 0.2, 1 )
custom_colors/font_color_pressed = Color( 0.980392, 0.898039, 0.803922, 1 )
text = "quit"

[node name="squid_splash" type="Sprite" parent="."]
position = Vector2( 176, 104 )
texture = ExtResource( 7 )
