[gd_scene load_steps=4 format=2]

[ext_resource path="res://ui/screen/pause_menu.gd" type="Script" id=1]
[ext_resource path="res://ui/style/button.tscn" type="PackedScene" id=2]
[ext_resource path="res://font/white_8x8.tres" type="DynamicFont" id=3]

[node name="pause_menu" type="CanvasLayer"]
layer = 2
script = ExtResource( 1 )

[node name="overlay" type="ColorRect" parent="."]
modulate = Color( 1, 1, 1, 0.784314 )
margin_right = 40.0
margin_bottom = 40.0
rect_min_size = Vector2( 256, 150 )
color = Color( 0.188235, 0.12549, 0.294118, 1 )
__meta__ = {
"_edit_use_anchors_": false
}

[node name="center" type="Control" parent="."]
margin_left = 128.0
margin_top = 32.0
margin_right = 128.0
margin_bottom = 32.0
__meta__ = {
"_edit_use_anchors_": false
}

[node name="vbox" type="VBoxContainer" parent="center"]
anchor_left = 0.5
anchor_right = 0.5
margin_left = -48.0
margin_right = 48.0
margin_bottom = 32.0
rect_min_size = Vector2( 80, 32 )
__meta__ = {
"_edit_use_anchors_": false
}

[node name="resume" parent="center/vbox" instance=ExtResource( 2 )]
margin_top = 0.0
margin_bottom = 8.0
text = "resume"

[node name="hitboxes" parent="center/vbox" instance=ExtResource( 2 )]
margin_top = 12.0
margin_bottom = 20.0
text = "hitboxes"

[node name="quit" parent="center/vbox" instance=ExtResource( 2 )]
text = "quit"

[node name="title" type="Label" parent="center"]
anchor_left = 0.5
anchor_top = 1.0
anchor_right = 0.5
anchor_bottom = 1.0
margin_left = -24.0
margin_top = -16.0
margin_right = 24.0
rect_min_size = Vector2( 48, 16 )
custom_fonts/font = ExtResource( 3 )
custom_colors/font_color = Color( 0.980392, 0.898039, 0.803922, 1 )
text = "paused"
__meta__ = {
"_edit_use_anchors_": false
}
