[gd_scene load_steps=5 format=2]

[ext_resource path="res://node/behavior_tree/sequence.gd" type="Script" id=1]
[ext_resource path="res://node/behavior_tree/selector.gd" type="Script" id=2]
[ext_resource path="res://node/behavior_tree/executor.gd" type="Script" id=3]
[ext_resource path="res://node/behavior_tree/inverter.gd" type="Script" id=4]

[node name="root" type="Node"]
script = ExtResource( 2 )

[node name="ignore" type="Node" parent="."]
script = ExtResource( 1 )

[node name="inverter" type="Node" parent="ignore"]
script = ExtResource( 4 )

[node name="locate_player" type="Node" parent="ignore/inverter"]
script = ExtResource( 3 )
function = "locate_player"

[node name="stop_running" type="Node" parent="ignore"]
script = ExtResource( 3 )
function = "set_stick"
args = [ Vector2( 0, 0 ) ]

[node name="aggro" type="Node" parent="."]
script = ExtResource( 1 )

[node name="locate_player" type="Node" parent="aggro"]
script = ExtResource( 3 )
function = "locate_player"

[node name="attack" type="Node" parent="aggro"]
script = ExtResource( 1 )

[node name="target_within_distance" type="Node" parent="aggro/attack"]
script = ExtResource( 3 )
function = "target_within_distance"
args = [ 200.0 ]

[node name="can_spit" type="Node" parent="aggro/attack"]
script = ExtResource( 3 )
function = "can_spit"

[node name="run_towards_player" type="Node" parent="aggro/attack"]
script = ExtResource( 3 )
function = "run_towards_player"

[node name="action_on" type="Node" parent="aggro/attack"]
script = ExtResource( 3 )
function = "set_action"
args = [ true ]

[node name="action_off" type="Node" parent="aggro/attack"]
script = ExtResource( 3 )
function = "set_action"
args = [ false ]
